02RETORNO01COBRANCA       12345678912345678911NOME EMPRESA LTA              745CITIBANK       01022201600BPI      001  000000                                                                                                                                                                                                                                                                             000001
1021597531236548912345678912345678911IDENTIFICADOR-DO-BOLETO1569753123564879      0000000001               102010222000000009900000000000099      0502220000000000100745001040700000000000000000000000000000000000000000000000000000000000000000000000000000000000000000000000000000000                00000088                                                                                  010222   000002
1021597531236548912345678912345678911IDENTIFICADOR-DO-BOLETO1569753123564880      0000000002               106010222000000009900000000000099      0502220000000000100745003410700000000000000000000000000000000000000000000000000000000000000000000000000000000000000001000000000000000                02022204                                                                                  010122   000003
9   745          0000000100000000000100                                                                                                                                                                                                                                                                                                                                                                   000004
